@booklet{bfb,
title={http://www.bitsfrombytes.com}
}
@Booklet{twistyb,
	title = {http://www.thingiverse.com/thing:1344}
}
@booklet{FDM,
	title = {http://en.wikipedia.org/wiki/File:FDM_by_Zureks.png}
}
